@phdthesis{turner2010statistical,
	title={Statistical models for natural sounds},
	author={Turner, Richard E},
	year={2010},
	school={UCL (University College London)}
}

@article{jayaraman2018time,
	title={Time-Agnostic Prediction: Predicting Predictable Video Frames},
	author={Jayaraman, Dinesh and Ebert, Frederik and Efros, Alexei A and Levine, Sergey},
	journal={arXiv preprint arXiv:1808.07784},
	year={2018}
}

@article{xie2017neural,
	title={Neural Text Generation: A Practical Guide},
	author={Xie, Ziang},
	journal={arXiv preprint arXiv:1711.09534},
	year={2017}
}

@inproceedings{deisenroth2011pilco,
	title={PILCO: A model-based and data-efficient approach to policy search},
	author={Deisenroth, Marc and Rasmussen, Carl E},
	booktitle={Proceedings of the 28th International Conference on machine learning (ICML-11)},
	pages={465--472},
	year={2011}
}

@inproceedings{atkeson1997comparison,
	title={A comparison of direct and model-based reinforcement learning},
	author={Atkeson, Christopher G and Santamaria, Juan Carlos},
	booktitle={Robotics and Automation, 1997. Proceedings., 1997 IEEE International Conference on},
	volume={4},
	pages={3557--3564},
	year={1997},
	organization={IEEE}
}

@article{karl2016deep,
	title={Deep variational bayes filters: Unsupervised learning of state space models from raw data},
	author={Karl, Maximilian and Soelch, Maximilian and Bayer, Justin and van der Smagt, Patrick},
	journal={arXiv preprint arXiv:1605.06432},
	year={2016}
}

@article{krishnan2015deep,
	title={Deep kalman filters},
	author={Krishnan, Rahul G and Shalit, Uri and Sontag, David},
	journal={arXiv preprint arXiv:1511.05121},
	year={2015}
}

@inproceedings{yingzhen2018disentangled,
	title={Disentangled sequential autoencoder},
	author={Yingzhen, Li and Mandt, Stephan},
	booktitle={International Conference on Machine Learning},
	pages={5656--5665},
	year={2018}
}

@inproceedings{fraccaro2017disentangled,
	title={A disentangled recognition and nonlinear dynamics model for unsupervised learning},
	author={Fraccaro, Marco and Kamronn, Simon and Paquet, Ulrich and Winther, Ole},
	booktitle={Advances in Neural Information Processing Systems},
	pages={3601--3610},
	year={2017}
}

@article{kalman1960contributions,
	title={Contributions to the theory of optimal control},
	author={Kalman, Rudolf Emil and others},
	journal={Bol. Soc. Mat. Mexicana},
	volume={5},
	number={2},
	pages={102--119},
	year={1960}
}

@article{kalman1961new,
	title={New results in linear filtering and prediction theory},
	author={Kalman, Rudolph E and Bucy, Richard S},
	journal={Journal of basic engineering},
	volume={83},
	number={1},
	pages={95--108},
	year={1961},
	publisher={American Society of Mechanical Engineers}
}

@inproceedings{wan2000unscented,
	title={The unscented Kalman filter for nonlinear estimation},
	author={Wan, Eric A and Van Der Merwe, Rudolph},
	booktitle={Adaptive Systems for Signal Processing, Communications, and Control Symposium 2000. AS-SPCC. The IEEE 2000},
	pages={153--158},
	year={2000},
	organization={Ieee}
}

@incollection{doucet2001introduction,
	title={An introduction to sequential Monte Carlo methods},
	author={Doucet, Arnaud and De Freitas, Nando and Gordon, Neil},
	booktitle={Sequential Monte Carlo methods in practice},
	pages={3--14},
	year={2001},
	publisher={Springer}
}

@article{kingma2013auto,
	title={Auto-encoding variational bayes},
	author={Kingma, Diederik P and Welling, Max},
	journal={arXiv preprint arXiv:1312.6114},
	year={2013}
}

@article{rezende2014stochastic,
	title={Stochastic backpropagation and approximate inference in deep generative models},
	author={Rezende, Danilo Jimenez and Mohamed, Shakir and Wierstra, Daan},
	journal={arXiv preprint arXiv:1401.4082},
	year={2014}
}

@inproceedings{chung2015recurrent,
	title={A recurrent latent variable model for sequential data},
	author={Chung, Junyoung and Kastner, Kyle and Dinh, Laurent and Goel, Kratarth and Courville, Aaron C and Bengio, Yoshua},
	booktitle={Advances in neural information processing systems},
	pages={2980--2988},
	year={2015}
}

@article{bayer2014learning,
	title={Learning stochastic recurrent networks},
	author={Bayer, Justin and Osendorfer, Christian},
	journal={arXiv preprint arXiv:1411.7610},
	year={2014}
}

@inproceedings{gu2015neural,
	title={Neural adaptive sequential monte carlo},
	author={Gu, Shixiang Shane and Ghahramani, Zoubin and Turner, Richard E},
	booktitle={Advances in Neural Information Processing Systems},
	pages={2629--2637},
	year={2015}
}

@article{naesseth2017variational,
	title={Variational Sequential Monte Carlo},
	author={Naesseth, Christian A and Linderman, Scott W and Ranganath, Rajesh and Blei, David M},
	journal={arXiv preprint arXiv:1705.11140},
	year={2017}
}

@article{gal2016uncertainty,
	title={Uncertainty in deep learning},
	author={Gal, Yarin},
	journal={University of Cambridge},
	year={2016}
}

@article{tdvae,
	author    = {Karol Gregor and
	Frederic Besse},
	title     = {Temporal Difference Variational Auto-Encoder},
	journal   = {CoRR},
	volume    = {abs/1806.03107},
	year      = {2018},
	url       = {http://arxiv.org/abs/1806.03107},
	archivePrefix = {arXiv},
	eprint    = {1806.03107},
	timestamp = {Mon, 13 Aug 2018 16:48:52 +0200},
	biburl    = {https://dblp.org/rec/bib/journals/corr/abs-1806-03107},
	bibsource = {dblp computer science bibliography, https://dblp.org}
}

@article{neuralpredbelief,
	author    = {Zhaohan Daniel Guo and
	Mohammad Gheshlaghi Azar and
	Bilal Piot and
	Bernardo A. Pires and
	Toby Pohlen and
	R{\'{e}}mi Munos},
	title     = {Neural Predictive Belief Representations},
	journal   = {CoRR},
	volume    = {abs/1811.06407},
	year      = {2018},
	url       = {http://arxiv.org/abs/1811.06407},
	archivePrefix = {arXiv},
	eprint    = {1811.06407},
	timestamp = {Sun, 25 Nov 2018 18:57:12 +0100},
	biburl    = {https://dblp.org/rec/bib/journals/corr/abs-1811-06407},
	bibsource = {dblp computer science bibliography, https://dblp.org}
}

@inproceedings{gal2016dropout,
	title={Dropout as a Bayesian approximation: Representing model uncertainty in deep learning},
	author={Gal, Yarin and Ghahramani, Zoubin},
	booktitle={international conference on machine learning},
	pages={1050--1059},
	year={2016}
}

@inproceedings{gal2016improving,
	title={Improving PILCO with Bayesian neural network dynamics models},
	author={Gal, Yarin and McAllister, Rowan and Rasmussen, Carl Edward},
	booktitle={Data-Efficient Machine Learning workshop, ICML},
	year={2016}
}

@inproceedings{higgins2017beta,
	title={beta-vae: Learning basic visual concepts with a constrained variational framework},
	author={Higgins, Irina and Matthey, Loic and Pal, Arka and Burgess, Christopher and Glorot, Xavier and Botvinick, Matthew and Mohamed, Shakir and Lerchner, Alexander},
	booktitle={International Conference on Learning Representations},
	year={2017}
}

@article{kim2018disentangling,
	title={Disentangling by factorising},
	author={Kim, Hyunjik and Mnih, Andriy},
	journal={arXiv preprint arXiv:1802.05983},
	year={2018}
}

@inproceedings{fox2009nonparametric,
	title={Nonparametric Bayesian learning of switching linear dynamical systems},
	author={Fox, Emily and Sudderth, Erik B and Jordan, Michael I and Willsky, Alan S},
	booktitle={Advances in Neural Information Processing Systems},
	pages={457--464},
	year={2009}
}

@article{linderman2016recurrent,
	title={Recurrent switching linear dynamical systems},
	author={Linderman, Scott W and Miller, Andrew C and Adams, Ryan P and Blei, David M and Paninski, Liam and Johnson, Matthew J},
	journal={arXiv preprint arXiv:1610.08466},
	year={2016}
}

@misc{
	becker-ehmck2019switching,
	title={Switching Linear Dynamics for Variational Bayes Filtering},
	author={Philip Becker-Ehmck and Jan Peters and Patrick van der Smagt},
	year={2019},
	url={https://openreview.net/forum?id=B1MbDj0ctQ},
}

@article{kipf2018neural,
	title={Neural relational inference for interacting systems},
	author={Kipf, Thomas and Fetaya, Ethan and Wang, Kuan-Chieh and Welling, Max and Zemel, Richard},
	journal={arXiv preprint arXiv:1802.04687},
	year={2018}
}
@article{sanchez2018graph,
	title={Graph networks as learnable physics engines for inference and control},
	author={Sanchez-Gonzalez, Alvaro and Heess, Nicolas and Springenberg, Jost Tobias and Merel, Josh and Riedmiller, Martin and Hadsell, Raia and Battaglia, Peter},
	journal={arXiv preprint arXiv:1806.01242},
	year={2018}
}